@book{NURBS,
  author    = {L.~Piegl and W.~Tiller},
  title     = {The NURBS Book},
  date      = {1996},
  publisher = {Springer},
  location  = {Berlin}
}

@book{Golovanov,
  author    = {Н.~Н.~Голованов},
  title     = {Геометрическое моделирование},
  date      = {2002},
  publisher = {Издательство Физико-математической литературы},
  location  = {Москва}
}
